@article{anisetti2022security,
	title        = {A Security Certification Scheme for Information-Centric Networks},
	author       = {Anisetti, Marco and Ardagna, Claudio A and Berto, Filippo and Damiani E.},
	year         = 2022,
	journal      = {IEEE Transactions on Network and Service Management},
	publisher    = {IEEE}
}
@article{anisetti2022assurance,
	title        = {An Assurance Process for Big Data Trustworthiness},
	author       = {Anisetti, Marco and Ardagna, Claudio A and Berto, Filippo},
	year         = 2022,
	journal      = {Available at SSRN 4191099}
}
@inproceedings{anisetti2022orchestration,
	title        = {Orchestration of data-intensive pipeline in 5G-enabled Edge Continuum},
	author       = {Anisetti, Marco and Berto, Filippo and Banzi, Massimo},
	year         = 2022,
	booktitle    = {2022 IEEE World Congress on Services (SERVICES)},
	pages        = {2--10},
	organization = {IEEE Computer Society}
}
@inproceedings{anisetti2022devsecops,
	title        = {A DevSecOps-based Assurance Process for Big Data Analytics},
	author       = {Anisetti, Marco and Bena, Nicola and Berto, Filippo and Jeon, Gwanggil},
	year         = 2022,
	booktitle    = {2022 IEEE International Conference on Web Services (ICWS)},
	pages        = {1--10},
	organization = {IEEE}
}
@inproceedings{berto20225g,
	title        = {A 5G-IoT enabled Big Data infrastructure for data-driven agronomy},
	author       = {Berto, Filippo and Ardagna, Claudio and Torrente, Marco and Manenti, Daniele and Ferrari, Enrico and Calcante, Aldo and Oberti, Roberto and Ciani, Luca and others},
	year         = 2022,
	booktitle    = {2022 IEEE Globecom Workshops (GC Wkshps)},
	pages        = {588--594},
	organization = {IEEE}
}
@inproceedings{anisetti2021security,
	title        = {Security Certification Scheme for Content-centric Networks},
	author       = {Anisetti, Marco and Ardagna, Claudio A and Berto, Filippo and Damiani, Ernesto},
	year         = 2021,
	booktitle    = {2021 IEEE International Conference on Services Computing (SCC)},
	pages        = {203--212},
	organization = {IEEE}
}
@inproceedings{berto2020spatial,
	title        = {Spatial bloom filter in named data networking: a memory efficient solution},
	author       = {Berto, Filippo and Calderoni, Luca and Conti, Mauro and Losiouk, Eleonora},
	year         = 2020,
	booktitle    = {Proceedings of the 35th Annual ACM Symposium on Applied Computing},
	pages        = {274--277}
}
