@Manual{cumulus,
  key          = "Certification infrastrUcture for MUlti-layer cloUd
                 Services",
  title        = "Certification {infrastrUcture} for {MUlti-layer}
                 {cloUd} Services",
  note         = "\url{http://www.cumulus-project.eu/}",
}

@InProceedings{arm,
  author       = "M. Armbrust and A. Fox and R. Griffith and A. D.
                 Joseph and R. Katz and A. Konwinski and G. Lee and D.
                 Patterson and A. Rabkin and I. Stoica and M. Zaharia",
  title        = "Above the clouds: A Berkeley view of cloud computing",
  booktitle    = "Tech. Rep. {UCB/EECS-2009-28}",
  address      = "EECS Department, U.C. Berkeley",
  month        = feb,
  year         = "2009",
}

@Article{vaquero,
  author       = "L. M. Vaquero and L. Rodero-Merino and J. Caceres and
                 M. Lindner",
  title        = "A break in the clouds: towards a cloud definition",
  journal      = "ACM SIGCOMM Computer Communication Review",
  volume       = "39",
  issue        = "1",
  month        = dec,
  year         = "2008",
  pages        = "50--55",
}

@Article{AADP.TWEB2018,
  author       = "Marco Anisetti and {C.A.} Ardagna and Ernesto Damiani
                 and Gianluca Polegri",
  title        = "Test-Based Security Certification of Composite
                 Services",
  journal      = "ACM TWEB",
  year         = "2018",
  note         = "(to appear)",
}

@Book{book,
  author       = "E. Damiani and C. A. Ardagna and N. El Ioini",
  title        = "Open source systems security certification",
  publisher    = "Springer",
  year         = "2009",
  address      = "New York, NY, USA",
}

@InProceedings{AAD.ICWS2012,
  author       = "M. Anisetti and C. A. Ardagna and E. Damiani",
  booktitle    = "Proc. of {ICWS 2012}",
  title        = "A Low-Cost Security Certification Scheme for Evolving
                 Services",
  address      = "Honolulu, HI, USA",
  month        = jun,
  year         = "2012",
}

@Article{pearson-toward,
  author       = "S. Pearson",
  journal      = "IEEE Internet Computing",
  title        = "Toward Accountability in the Cloud",
  year         = "2011",
  volume       = "15",
  number       = "4",
  pages        = "64--69",
}

@Article{rasheed-data,
  title        = "Data and infrastructure security auditing in cloud
                 computing environments",
  journal      = "International Journal of Information Management",
  month        = dec,
  year         = "2013",
  author       = "H. Rasheed",
}

@Article{doelitzscher-agent,
  year         = "2012",
  journal      = "Journal of Cloud Computing",
  volume       = "1",
  number       = "1",
  title        = "An agent based business aware incident detection
                 system for cloud environments",
  author       = "F. Doelitzscher and C. Reich and M. Knahl and A.
                 Passfall and N. Clarke",
  pages        = "1--19",
}

@InProceedings{rajkumar-efficient,
  author       = "M. N. Rajkumar and V. V. Kumar and R.
                 Sivaramakrishnan",
  title        = "Efficient Integrity Auditing Services for Cloud
                 Computing Using Raptor Codes",
  booktitle    = "Proc. of {ACM} {RACS 2013}",
  year         = "2013",
  month        = oct,
  address      = "Montreal, QC, Canada",
}

@Article{yang-efficient,
  author       = "K. Yang and X. Jia",
  title        = "An Efficient and Secure Dynamic Auditing Protocol for
                 Data Storage in Cloud Computing",
  journal      = "IEEE Transactions on Parallel and Distributed
                 Systems",
  volume       = "24",
  number       = "9",
  year         = "2013",
  pages        = "1717--1726",
  month        = sep,
}

@Article{wang-oruta,
  author       = "B. Wang and B. Li and H. Li",
  journal      = "IEEE Transactions on Cloud Computing",
  title        = "Oruta: Privacy-Preserving Public Auditing for Shared
                 Data in the Cloud",
  year         = "2014",
}

@Manual{csaaudit,
  title        = "{CloudAudit}: Automated Audit, Assertion, Assessment,
                 and Assurance",
  author       = "CSA",
  year         = "2014",
  note         = "\url{https://cloudsecurityalliance.org/research/cloudaudit/}",
}

@Book{wieder-service,
  author       = "P. Wieder and J. M. Butler and W. Theilmann and R.
                 Yahyapour",
  title        = "Service Level Agreements for Cloud Computing",
  publisher    = "Springer",
  year         = "2011",
}

@InProceedings{ye-verifying,
  author       = "L. Ye and H. Zhang and J. Shi and X. Du",
  booktitle    = "Proc. of {IEEE} {GLOBECOM 2012}",
  title        = "Verifying cloud Service Level Agreement",
  year         = "2012",
  month        = dec,
  address      = "Anaheim, CA, USA",
}

@Article{casalicchio-mechanisms,
  author       = "E. Casalicchio and L. Silvestri",
  title        = "Mechanisms for {SLA} Provisioning in Cloud-based
                 Service Providers",
  journal      = "Computer Networks",
  volume       = "57",
  number       = "3",
  month        = feb,
  year         = "2013",
  pages        = "795--810",
}

@Article{marinescu-auction,
  author       = "D. C. Marinescu and A. Paya and J. P. Morrison and P.
                 D. Healy",
  journal      = "CoRR",
  title        = "An Auction-driven Self-organizing Cloud Delivery
                 Model",
  volume       = "abs/1312.2998",
  year         = "2013",
}

@InProceedings{anisetti-eauction,
  author       = "M. Anisetti and C. A. Ardagna and E. Damiani and P. A.
                 Bonatti and M. Faella and C. Galdi and L. Sauro",
  booktitle    = "Proc. of {IEEE} {SCC 2014}",
  title        = "e-{Auctions} for Multi-Cloud Service Provisioning",
  address      = "Anchorage, AL, USA",
  month        = jun # "--" # jul,
  year         = "2014",
}

@Article{kourtesis2010,
  author       = "D. Kourtesis and E. Ramollari and D. Dranidis and I.
                 Paraskakis",
  title        = "Increased reliability in {SOA} environments through
                 registry-based conformance testing of Web services",
  journal      = "Production Planning \& Control",
  volume       = "21",
  number       = "2",
  pages        = "130--144",
  year         = "2010",
}

@InProceedings{spanoudakis-certifying,
  author       = "G. Spanoudakis and E. Damiani and A. Ma{\~n}a",
  title        = "Certifying Services in Cloud: The Case for a Hybrid,
                 Incremental and Multi-layer Approach",
  booktitle    = "Proc. of {IEEE} {HASE 2012}",
  year         = "2012",
  month        = oct,
  address      = "Omaha, NE, USA",
}

@Article{sunyaev-cloud,
  author       = "A. Sunyaev and S. Schneider",
  title        = "Cloud Services Certification",
  journal      = "Communications of the ACM",
  volume       = "56",
  number       = "2",
  month        = feb,
  year         = "2013",
  pages        = "33--36",
}

@InProceedings{bertholon-certicloud,
  author       = "B. Bertholon and S. Varrette and P. Bouvry",
  booktitle    = "Proc. of {IEEE} {CLOUD 2011}",
  title        = "Certicloud: A Novel {TPM-based} Approach to Ensure
                 Cloud {IaaS} Security",
  year         = "2011",
  month        = jul,
  address      = "Washington, DC, USA",
}

@InProceedings{munoz-bridging,
  author       = "A. Munoz and A. M\~ana",
  booktitle    = "Proc. of {IEEE} {SERVICES 2013}",
  title        = "Bridging the {GAP} between Software Certification and
                 Trusted Computing for Securing Cloud Computing",
  year         = "2013",
  month        = jun,
  location     = "Santa Clara, CA, USA",
}

@InProceedings{krotsiani-incremental,
  author       = "M. Krotsiani and G. Spanoudakis and K. Mahbub",
  booktitle    = "Proc. of {SECURWARE 2013}",
  title        = "Incremental Certification of Cloud Services",
  address      = "Barcelona, Spain",
  month        = aug,
  year         = "2013",
}

@InProceedings{cimato-towards,
  author       = "S. Cimato and E. Damiani and F. Zavatarelli and R.
                 Menicocci",
  booktitle    = "Proc. of {IEEE} {SERVICES 2013}",
  title        = "Towards the Certification of Cloud Services",
  year         = "2013",
  month        = jun # "-" # jul,
  address      = "Santa Clara, CA, USA",
}

@InCollection{focardi-classification,
  author       = "R. Focardi and R. Gorrieri and F. Martinelli",
  editor       = "R. Focardi and R. Gorrieri",
  booktitle    = "Foundations of Security Analysis and Design {II} -
                 Tutorial Lectures",
  title        = "Classification of Security Properties ({P}art {II}:
                 Network Security)",
  publisher    = "Springer Berlin / Heidelberg",
  year         = "2004",
}

@InProceedings{irvine-toward,
  author       = "C. Irvine and T. Levin",
  title        = "Toward a taxonomy and costing method for security
                 services",
  booktitle    = "Proc. of {ACSAC 1999}",
  year         = "1999",
  month        = dec,
  address      = "Phoenix, AZ, USA",
}

@Book{cc,
  author       = "D. S. Herrmann",
  title        = "Using the Common Criteria for {IT} security
                 evaluation",
  publisher    = "Auerbach Publications",
  year         = "2002",
}

@Article{chess,
  author       = "J. O. Kephart and D. M. Chess",
  title        = "The Vision of Autonomic Computing",
  journal      = "Computer",
  volume       = "36",
  issue        = "1",
  month        = jan,
  year         = "2003",
  pages        = "41--50",
}

@InProceedings{AAD.ICWS2013,
  author       = "M. Anisetti and C. A. Ardagna and E. Damiani",
  booktitle    = "Proc. of the 20th {IEEE} International Conference on
                 Web Services {(ICWS 2013)}",
  title        = "Security Certification of Composite Services: A
                 Test-Based Approach",
  address      = "San Francisco, CA, USA",
  month        = jun # "-" # jul,
  year         = "2013",
}

@InProceedings{DISS09,
  author       = "E. Damiani and N. {El Ioini} and A. Sillitti and G.
                 Succi",
  title        = "{WS-C}ertificate",
  booktitle    = "Proc. of {IEEE} {SERVICES} {I 2009}",
  year         = "2009",
  month        = jul,
  address      = "Los Angeles, CA, USA",
}

@InProceedings{AAD.SCC2015,
  author       = "M. Anisetti and C. A. Ardagna and E. Damiani",
  booktitle    = "Proc. of {IEEE} {SCC 2015}",
  title        = "A Test-Based Incremental Security Certification Scheme
                 for Cloud-Based Systems",
  address      = "New York, NY, USA",
  month        = jun # "--" # jul,
  year         = "2015",
}

@Article{zhang2017mrmondrian,
  title        = "{MRMondrian}: Scalable Multidimensional Anonymisation
                 for Big Data Privacy Preservation",
  author       = "Xuyun Zhang and Lianyong Qi and Wanchun Dou and Qiang
                 He and Christopher Leckie and Kotagiri Ramamohanarao
                 and Zoran Salcic",
  journal      = "IEEE TBD",
  year         = "2017",
  publisher    = "IEEE",
}

@InProceedings{bouna2015efficient,
  title        = "Efficient sanitization of unsafe data correlations",
  author       = "Bechara AL Bouna and Chris Clifton and Qutaibah
                 Malluhi",
  booktitle    = "{EDBT/ICDT 2015} Joint Conference",
  address      = "Brussels, Belgium",
  month        = mar,
  year         = "2015",
}

@InProceedings{demchenko2013addressing,
  title        = "Addressing big data issues in scientific data
                 infrastructure",
  author       = "Yuri Demchenko and Paola Grosso and Cees De Laat and
                 Peter Membrey",
  booktitle    = "Proc. of {CTS 2013}",
  address      = "San Diego, CA, USA",
  month        = may,
  year         = "2013",
}

@InProceedings{demchenko2014defining,
  title        = "Defining architecture components of the Big Data
                 Ecosystem",
  author       = "Yuri Demchenko and Cees De Laat and Peter Membrey",
  booktitle    = "Collaboration Technologies and Systems {(CTS), 2014}
                 International Conference on",
  pages        = "104--112",
  year         = "2014",
  organization = "IEEE",
}

@Book{yang2014reliability,
  title        = "Reliability Assurance of Big Data in the Cloud:
                 Cost-effective Replication-based Storage",
  author       = "Yun Yang and Wenhao Li and Dong Yuan",
  year         = "2014",
  publisher    = "Morgan Kaufmann",
}

@Manual{csaBig,
  title        = "Big Data Security and Privacy Handbook: 100 Best
                 Practices in Big Data Security and Privacy",
  author       = "CSA",
  year         = "2016",
  note         = "\url{https://cloudsecurityalliance.org/download/big-data-security-and-privacy-handbook/}",
}

@InProceedings{yakoubov2014survey,
  title        = "A survey of cryptographic approaches to securing
                 big-data analytics in the cloud",
  author       = "Sophia Yakoubov and Vijay Gadepally and Nabil Schear
                 and Emily Shen and Arkady Yerukhimovich",
  booktitle    = "Proc. of {HPEC 2014}",
  address      = "Waltham, MA, USA",
  month        = sep,
  year         = "2014",
}

@Article{d2015privacy,
  title        = "Privacy by design in big data: an overview of privacy
                 enhancing technologies in the era of big data
                 analytics",
  author       = "Giuseppe D'Acquisto and Josep Domingo-Ferrer and
                 Panayiotis Kikiras and Vicen{\c{c}} Torra and
                 Yves-Alexandre de Montjoye and Athena Bourka",
  journal      = "ENISA",
  year         = "2015",
}

@TechReport{chang2015nist,
  title        = "{NIST} Big Data Interoperability Framework: Volume 4,
                 Security and Privacy",
  author       = "Wo L Chang",
  year         = "2015",
}

@InCollection{de2014approach,
  title        = "An Approach to Facilitate Security Assurance for
                 Information Sharing and Exchange in Big-Data
                 Applications",
  author       = "Alberto De la Rosa Algar{\'\i}n and Steven A
                 Demurjian",
  booktitle    = "Emerging Trends in {ICT} Security",
  pages        = "65--83",
  year         = "2014",
  publisher    = "Elsevier",
}

@InBook{Jakóbik2016,
  author       = "Agnieszka Jak{\'o}bik",
  editor       = "Florin Pop and Joanna Ko{\l}odziej and Beniamino Di
                 Martino",
  title        = "Big Data Security",
  booktitle    = "Resource Management for Big Data Platforms:
                 Algorithms, Modelling, and High-Performance Computing
                 Techniques",
  year         = "2016",
  publisher    = "Springer International Publishing",
  address      = "Cham",
  pages        = "241--261",
}

@Article{gholami2016big,
  title        = "Big data security and privacy issues in the cloud",
  author       = "Ali Gholami and Erwin Laure",
  journal      = "International Journal of Network Security \& Its
                 Applications (IJNSA), Issue January",
  year         = "2016",
}

@InProceedings{gao2016big,
  title        = "Big Data Validation and Quality Assurance--Issuses,
                 Challenges, and Needs",
  author       = "Jerry Gao and Chunli Xie and Chuanqi Tao",
  booktitle    = "Proc. of {SOSE 2016}",
  address      = "Oxford, UK",
  month        = mar # "-" # apr,
  year         = "2016",
}

@InProceedings{bertino2016data,
  title        = "Data security and privacy: concepts, approaches, and
                 research directions",
  author       = "Elisa Bertino",
  booktitle    = "Computer Software and Applications Conference
                 {(COMPSAC), 2016} {IEEE 40th} Annual",
  volume       = "1",
  pages        = "400--407",
  year         = "2016",
  organization = "IEEE",
}

@InProceedings{terzi2015survey,
  title        = "A survey on security and privacy issues in big data",
  author       = "Duygu Sinanc Terzi and Ramazan Terzi and Seref
                 Sagiroglu",
  booktitle    = "Proc. of {ICITST 2015}",
  address      = "London, UK",
  month        = dec,
  year         = "2015",
}

@Article{manogaran2016metaclouddatastorage,
  title        = "{MetaCloudDataStorage} architecture for big data
                 security in cloud computing",
  author       = "Gunasekaran Manogaran and Chandu Thota and M Vijay
                 Kumar",
  journal      = "Procedia Computer Science",
  volume       = "87",
  pages        = "128--133",
  year         = "2016",
  publisher    = "Elsevier",
}

@Article{sharma2014securing,
  title        = "Securing big data hadoop: a review of security issues,
                 threats and solution",
  author       = "Priya P Sharma and Chandrakant P Navdeti",
  journal      = "Int. J. Comput. Sci. Inf. Technol",
  volume       = "5",
  number       = "2",
  pages        = "2126--2131",
  year         = "2014",
}

@Article{victor2016privacy,
  title        = "Privacy models for big data: a survey",
  author       = "Nancy Victor and Daphne Lopez and Jemal H Abawajy",
  journal      = "International Journal of Big Data Intelligence",
  volume       = "3",
  number       = "1",
  pages        = "61--75",
  year         = "2016",
  publisher    = "Inderscience Publishers (IEL)",
}

@Article{xu2014information,
  title        = "Information security in big data: privacy and data
                 mining",
  author       = "Lei Xu and Chunxiao Jiang and Jian Wang and Jian Yuan
                 and Yong Ren",
  journal      = "IEEE Access",
  volume       = "2",
  pages        = "1149--1176",
  year         = "2014",
  publisher    = "IEEE",
}

@InProceedings{kiesow2014continuous,
  title        = "Continuous Auditing in Big Data Computing
                 Environments: Towards an Integrated Audit Approach by
                 Using {CAATTs}",
  author       = "Andreas Kiesow and Novica Zarvic and Oliver Thomas",
  booktitle    = "{GI-Jahrestagung}",
  pages        = "901--912",
  year         = "2014",
}

@Article{liu2014authorized,
  title        = "Authorized public auditing of dynamic big data storage
                 on cloud with efficient verifiable fine-grained
                 updates",
  author       = "Chang Liu and Jinjun Chen and Laurence T Yang and
                 Xuyun Zhang and Chi Yang and Rajiv Ranjan and
                 Ramamohanarao Kotagiri",
  journal      = "IEEE TPDS",
  volume       = "25",
  number       = "9",
  pages        = "2234--2244",
  year         = "2014",
  publisher    = "IEEE",
}

@InProceedings{li2015sticky,
  title        = "A sticky policy framework for big data security",
  author       = "Shuyu Li and Tao Zhang and Jerry Gao and Younghee
                 Park",
  booktitle    = "Big Data Computing Service and Applications
                 {(BigDataService), 2015} {IEEE} First International
                 Conference on",
  pages        = "130--137",
  year         = "2015",
  organization = "IEEE",
}

@Article{anisetti2017semi,
  title        = "A semi-automatic and trustworthy scheme for continuous
                 cloud service certification",
  author       = "Marco Anisetti and Claudio Ardagna and Ernesto Damiani
                 and Filippo Gaudenzi",
  journal      = "IEEE TSC",
  year         = "2017",
  publisher    = "IEEE",
}

@Article{ABBCDH.TSC2018,
  author       = "C. A. Ardagna and V. Bellandi and M. Bezzi and P.
                 Ceravolo and E. Damiani and C. Hebert",
  title        = "Model-based Big Data Analytics-as-a-Service: Take Big
                 Data to the Next Level",
  journal      = "IEEE TSC",
  year         = "2018",
}

@InProceedings{sparks2017keyst,
  author       = "E. R. Sparks and S. Venkataraman and T. Kaftan and M.
                 J. Franklin and B. Recht",
  booktitle    = "Proc. of {ICDE 2017}",
  title        = "{KeystoneML}: Optimizing Pipelines for Large-Scale
                 Advanced Analytics",
  year         = "2017",
  address      = "San Diego, CA, USA",
  month        = apr,
}

pages = {2:1-2:50},
@Article{AADV.CSUR2015,
  author       = "C. A. Ardagna and R. Asal and E. Damiani and Q. H.
                 Vu",
  title        = "From Security to Assurance in the Cloud: A Survey",
  journal      = "ACM CSUR",
  volume       = "48",
  number       = "1",
  month        = aug,
  year         = "2015",
}

@Article{KP96,
  author       = "B. Kitchenham and S. L. Pfleeger",
  title        = "Software quality: the elusive target",
  journal      = "IEEE Software",
  year         = "1996",
  month        = jan,
  volume       = "13",
  number       = "1",
  pages        = "12--21",
}

@InProceedings{dong,
  author       = "W.-L. Dong and H. Yu",
  title        = "{Web} service testing method based on fault-coverage",
  booktitle    = "Proc. of the 10th {IEEE} International Enterprise
                 Distributed Object Computing Conference Workshops
                 {(EDOCW 2006)}",
  year         = "2006",
  month        = oct,
  address      = "Hong Kong, China",
}

@InProceedings{bai,
  author       = "X. Bai and W. Dong and W.-T. Tsai and Y. Chen",
  title        = "{WSDL}-based automatic test case generation for {Web}
                 services testing",
  booktitle    = "Proc. of the {IEEE} International Conference on
                 Service-Oriented System Engineering {(SOSE 2005)}",
  year         = "2005",
  month        = oct,
  address      = "Beijing, China",
}

@InCollection{dfps07,
  author       = "S. {De Capitani di Vimercati} and S. Foresti and S.
                 Paraboschi and P. Samarati",
  editor       = "M. Gertz and S. Jajodia",
  booktitle    = "Handbook of Database Security: Applications and
                 Trends",
  title        = "Access Control Models for {XML}",
  publisher    = "Springer-Verlag",
  year         = "2008",
}

@Misc{openid,
  author       = "D.~Hardt and J.~Bufu and J.~Hoyt",
  title        = "{OpenID} Attribute Exchange 1.0",
  month        = dec,
  year         = "2007",
  note         = "\url{http://openid.net/developers/specs/}",
}

@Book{soa,
  author       = "T. Erl",
  title        = "Service-Oriented Architecture: Concepts, Technology,
                 and Design",
  publisher    = "Prentice Hall PTR",
  year         = "2005",
  address      = "NJ, USA",
}

%Upper Saddle River,

@Book{BBLM78,
  author       = "B. Boehm and J. Brown and M. Lipow and G. MacCleod",
  title        = "Characteristics of Software Quality",
  publisher    = "American Elsevier",
  year         = "1978",
  address      = "NY, USA",
}

@Book{newcomer,
  author       = "E. Newcomer",
  title        = "Understanding {Web} Services: {XML}, {WSDL}, {SOAP},
                 and {UDDI}",
  publisher    = "Addison Wesley",
  year         = "2002",
}

@Book{galb,
  author       = "B. Galbraith and W. Hankinson and A. Hiotis and M.
                 Janakiraman and D. V. Prasad and R. Trivedi and D.
                 Whitney",
  title        = "Professional {Web} Services Security",
  publisher    = "Wrox Press Ltd.",
  year         = "2002",
  month        = dec,
}

@Manual{soap,
  title        = "Simple Object Access Protocol ({SOAP}) 1.2",
  author       = "M. Gudgin and M. Hadley and N. Mendelsohnand and J.-J.
                 Moreau and H. F. Nielsen and A. Karmarkar and Y.
                 Lafon",
  organization = "World Wide Web Consortium (W3C)",
  month        = apr,
  year         = "2007",
  note         = "\url{http://www.w3.org/TR/soap12-part1/}",
}

@Manual{assurancecontinuity,
  title        = "{CCRA} Supporting Document 2004-02-009 Assurance
                 Continuity",
  author       = "Common Criteria",
  month        = feb,
  year         = "2004",
  author       = "R. Chinnici and J. Moreau and A. Ryman and S.
                 Weerawarana",
  organization = "World Wide Web Consortium (W3C)",
  month        = jun,
  year         = "2007",
  note         = "\url{http://www.w3.org/TR/wsdl20/}",
}

@Manual{wscl,
  title        = "Web Services Conversation Language {(WSCL)} version
                 1.0",
  author       = "A. Banerji et al.",
  organization = "World Wide Web Consortium (W3C)",
  month        = mar,
  year         = "2002",
  note         = "\url{http://www.w3.org/TR/wscl10/}",
}

@Misc{uddi,
  key          = "UDDI",
  title        = "{UDDI OASIS} Standard",
  note         = "\url{http://uddi.xml.org/}",
}

@Misc{sei,
  key          = "SEI",
  title        = "Securing {Web} Services for Army {SOA}",
  note         = "http://www.sei.cmu.edu/solutions/
                 softwaredev/securing-web-services.cfm",
}

@Article{peltz,
  author       = "C. Peltz",
  title        = "{Web} Services Orchestration and Choreography",
  journal      = "IEEE Computer",
  year         = "2003",
  month        = oct,
  volume       = "36",
  number       = "10",
  pages        = "46--52",
}

@Article{ad.csse,
  author       = "{C.A.} Ardagna and S. {De Capitani di Vimercati}",
  title        = "A Comparison of Modeling Strategies in Defining
                 {XML}-Based Access Control Language",
  journal      = "Computer Systems Science \& Engineering Journal",
  year         = "2004",
  month        = oct,
  volume       = "19",
  number       = "3",
  pages        = "141--149",
  publisher    = "CRL Publishing",
}

@Article{cp06,
  author       = "G. Canfora and M. Di Penta",
  title        = "Testing services and service-centric systems:
                 challenges and opportunities",
  journal      = "IT Professional",
  year         = "2006",
  volume       = "8",
  pages        = "10--17",
}

@InProceedings{berardi,
  author       = "D. Berardi and D. Calvanese and G. De Giacomo and R.
                 Hull and M. Mecella",
  title        = "Automatic Composition of Transition-based Semantic
                 {Web} Services with Messaging",
  booktitle    = "Proc. of the 31st International Conference on Very
                 Large Data Bases {(VLDB 2005)}",
  year         = "2005",
  month        = aug # "-" # sep,
  address      = "Trondheim, Norway",
}

@InProceedings{deng,
  author       = "T. Deng and J. Huai and X. Li and Z. Du and H. Guo",
  title        = "Automated Synthesis of Composite Services with
                 Correctness Guarantee",
  booktitle    = "Proc. of the 18th International World Wide Web
                 Conference {(WWW 2009)}",
  year         = "2009",
  month        = apr,
  address      = "Madrid, Spain",
}

@InProceedings{damiani,
  author       = "E. Damiani and A. Ma{\~n}a",
  title        = "Toward {WS-Certificate}",
  booktitle    = "Proc. of {ACM} {SWS 2009}",
  year         = "2009",
  month        = nov,
  address      = "Chicago, IL, USA",
}

@InProceedings{Jensen,
  author       = "M. Jensen and N. Gruschka and R. Herkenh{\"o}ner and
                 N. Luttenberger",
  title        = "{SOA} and {Web} Services: New Technologies, New
                 Standards - New Attacks",
  booktitle    = "Proc. of the Fifth {IEEE} European Conference on Web
                 Services {(ECOWS 2007)},",
  year         = "2007",
  month        = nov,
  address      = "Halle (Saale), Germany",
}

@Article{Jensen2,
  author       = "M. Jensen and N. Gruschka and R. Herkenh{\"o}ner",
  title        = "A survey of attacks on {Web} services",
  journal      = "Computer Science - R{\&}D",
  volume       = "24",
  number       = "4",
  year         = "2009",
  pages        = "185--197",
}

@InProceedings{Bhargavan,
  author       = "K. Bhargavan and C. Fournet and A. D. Gordon",
  title        = "Verifying policy-based security for {Web} services",
  booktitle    = "Proc. of the 11th {ACM} Conference on Computer and
                 Communications Security {(CCS 2004)}",
  year         = "2004",
  month        = oct,
  address      = "Washington, DC, USA",
}

@InProceedings{Sinha,
  author       = "S. K. Sinha and A. Benameur",
  title        = "A formal solution to rewriting attacks on {SOAP}
                 messages",
  booktitle    = "Proc. of the 5th {ACM} Workshop On Secure Web Services
                 {(SWS 2008)}",
  year         = "2008",
  month        = oct,
  address      = "Alexandria, VA, USA",
}

@InProceedings{Rahaman,
  author       = "M. A. Rahaman and A. Schaad and M. Rits",
  title        = "Towards secure {SOAP} message exchange in a {SOA}",
  booktitle    = "Proc. of the 3rd {ACM} Workshop On Secure Web Services
                 {(SWS 2006)}",
  year         = "2006",
  month        = nov,
  address      = "Alexandria, VA, USA",
}

@Article{Papazoglou,
  author       = "M. P. Papazoglou",
  title        = "{Web} Services and Business Transactions",
  journal      = "World Wide Web",
  volume       = "6",
  number       = "1",
  year         = "2003",
  pages        = "49--91",
}

@InProceedings{Agrawal03,
  author       = "R. Agrawal",
  title        = "Privacy cognizant information systems",
  booktitle    = "Proc. of the 10th {ACM} Conference on Computer and
                 Communications Security {(CCS 2003)}",
  year         = "2003",
  month        = oct,
  address      = "Washington, DC, USA",
}

@InProceedings{AgrawalES03,
  author       = "R. Agrawal and A. V. Evfimievski and R. Srikant",
  title        = "Information Sharing Across Private Databases",
  booktitle    = "Proc. of the 2003 {ACM} {SIGMOD} International
                 Conference on Management of Data",
  year         = "2003",
  month        = jun,
  address      = "San Diego, CA, USA",
}

@InProceedings{Agrawal00,
  author       = "R. Agrawal and R. Srikant",
  title        = "Privacy-Preserving Data Mining",
  booktitle    = "Proc. of the 2000 {ACM} {SIGMOD} International
                 Conference on Management of Data",
  year         = "2000",
  month        = may,
  address      = "Dallas, TX, USA",
}

@InProceedings{Agrawal031,
  author       = "R. Agrawal",
  title        = "Privacy in data systems",
  booktitle    = "Proc. of the Twenty-Second {ACM}
                 {SIGACT-SIGMOD-SIGART} Symposium on Principles of
                 Database Systems",
  year         = "2003",
  month        = jun,
  address      = "San Diego, CA, USA",
}

@InProceedings{necula,
  author       = "G. Necula",
  title        = "Proof-carrying code",
  booktitle    = "Proc. of the {ACM} Principles of Programming Languages
                 {(POPL 1997)}",
  year         = "1997",
  address      = "Paris, France",
  month        = jan,
}

@InProceedings{Xu,
  author       = "W. Xu and V. N. Venkatakrishnan and R. Sekar and I. V.
                 Ramakrishnan",
  title        = "A Framework for Building Privacy-Conscious Composite
                 {Web} Services",
  booktitle    = "Proc. of {IEEE} {ICWS 2006}",
  year         = "2006",
  address      = "Chicago, IL, USA",
  month        = sep,
}

@InProceedings{milanovic,
  author       = "N. Milanovic and M. Malek",
  title        = "Verifying Correctness of {Web} Services Composition",
  booktitle    = "Proc. of the 11th Infofest",
  year         = "2004",
  month        = sep # "-" # oct,
  address      = "Budva, Montenegro",
}

@Article{meredith,
  author       = "L. G. Meredith and S. Bjorg",
  title        = "Contracts and Types",
  journal      = "Communications of the ACM",
  year         = "2003",
  month        = oct,
  volume       = "46",
  number       = "10",
  pages        = "41--47",
}

@InProceedings{fu,
  author       = "X. Fu and T. Bultan and J. Su",
  title        = "Formal Verification of e-Services and Workflows",
  booktitle    = "Proc. of the International Workshop on Web Services,
                 E-Business, and the Semantic Web {(WES 2002)}:
                 Foundations, Models, Architecture, Engineering and
                 Applications",
  year         = "2002",
  month        = may,
  address      = "Toronto, Canada",
}

@InProceedings{dragoni,
  author       = "N. Dragoni and F. Massacci",
  title        = "Security-by-contract for {Web} services",
  booktitle    = "Proc. of the 4th {ACM} Workshop On Secure Web Services
                 {(SWS 2007)}",
  year         = "2007",
  month        = nov,
  address      = "Fairfax, VA, USA",
}

@Book{dillon,
  author       = "E. Chang and F. Hussain and T. Dillon",
  title        = "Trust and Reputation for Service-Oriented
                 Environments: Technologies For Building Business
                 Intelligence And Consumer Confidence",
  publisher    = "John Wiley \& Sons, Ltd",
  year         = "2006",
}

@Article{dustdar,
  author       = "M. P. Papazoglou and P. Traverso and S. Dustdar and F.
                 Leymann",
  title        = "Service-Oriented Computing: State of the Art and
                 Research Challenges",
  journal      = "Computer",
  year         = "2007",
  month        = nov,
  volume       = "40",
  number       = "11",
  pages        = "38--45",
}

@Article{internet,
  author       = "C. Schroth and T. Janner",
  title        = "{Web} 2.0 and {SOA}: Converging Concepts Enabling the
                 Internet of Services",
  journal      = "IT Professional",
  year         = "2007",
  month        = may # "-" # jun,
  volume       = "9",
  number       = "3",
  pages        = "36--41",
}

@InProceedings{internet2,
  author       = "J. Cardoso and K. Voigt and M. Winkler",
  title        = "Service Engineering for the Internet of Services",
  booktitle    = "Proc. of the 10th International Conference on
                 Enterprise Information Systems",
  year         = "2008",
  month        = jun,
  address      = "Barcelona, Spain",
}

@Article{tsai2,
  author       = "W. T. Tsai and Z. Xinyu and C. Yinong and B.
                 Xiaoying",
  title        = "On Testing and Evaluating Service-Oriented Software",
  journal      = "Computer",
  year         = "2008",
  month        = aug,
  volume       = "41",
  number       = "8",
  pages        = "40--46",
}

@Article{kolaczek,
  author       = "G. Kolaczek and K. Juszczyszyn",
  title        = "Smart Security Assessment of Composed {Web} Services",
  journal      = "Cybernetics and Systems",
  volume       = "41",
  number       = "1",
  year         = "2010",
  pages        = "46--61",
}

@InProceedings{tsai,
  author       = "W. T. Tsai and R. Paul and Z. Cao and L. Yu and A.
                 Saimi and B. Xiao",
  title        = "Verification of {Web} services using an enhanced
                 {UDDI} server",
  booktitle    = "Proc. of {IEEE} {WORDS 2003}",
  year         = "2003",
  month        = jan,
  address      = "Guadalajara, Mexico",
}

@InProceedings{mac,
  author       = "M. McIntosh and P. Austel",
  title        = "{XML} Signature Element Wrapping Attacks and
                 Countermeasures",
  booktitle    = "Proc. of the 2005 {ACM} Workshop on Secure Web
                 Services {(SWS 2005)}",
  year         = "2005",
  month        = nov,
  address      = "Fairfax, VA, USA",
}

@InProceedings{FTdV06,
  author       = "L. Frantzen and J. Tretmans and R. d. Vries",
  title        = "Towards Model-Based Testing of Web Services",
  booktitle    = "Proc. of {WS-MaTe 2006}",
  year         = "2006",
  month        = jun,
  address      = "Palermo, Italy",
}

@Manual{ws-policy,
  title        = "Web Services Policy 1.5 - Framework",
  author       = "A. S. Vedamuthu and D. Orchard and F. Hirsch and M.
                 Hondo and P. Yendluri and T. Boubez and U. Yalcinalp",
  organization = "World Wide Web Consortium (W3C)",
  month        = sep,
  year         = "2007",
  note         = "\url{http://www.w3.org/TR/ws-policy/}",
}

@InProceedings{tsai3,
  author       = "W. T. Tsai and R. Paul and W. Yamin and F. Chun and W.
                 Dong",
  title        = "Extending {WSDL} to Facilitate Web Services Testing",
  booktitle    = "Proc. of {HASE 2002}",
  year         = "2002",
  month        = oct,
  address      = "Tokyo, Japan",
}

@InProceedings{keum,
  author       = "C. S. Keum and S. Kang and I.-Y. Ko and J. Baik and
                 Y.-I. Choi",
  title        = "Generating Test Cases for Web Services Using Extended
                 Finite State Machine",
  booktitle    = "Proc. of {IFIP} {TestCom 2006}",
  year         = "2006",
  month        = may,
  address      = "New York, NY, USA",
}

@InProceedings{tarhini,
  author       = "A. Tarhini and H. Fouchal and N. Mansour",
  title        = "A Simple Approach for Testing Web Service Based
                 Applications",
  booktitle    = "Proc. of {IICS 2005}",
  year         = "2005",
  month        = jun,
  address      = "Paris, France",
}

@InProceedings{mao,
  author       = "C. Mao",
  title        = "A specification-based testing framework for Web
                 service-based software",
  booktitle    = "Proc. of {IEEE} {GRC 2009}",
  year         = "2009",
  month        = aug,
  address      = "Nanchang, China",
}

@InProceedings{hanna,
  author       = "S. Hanna and M. Munro",
  title        = "An Approach for Specification-based Test Case
                 Generation for Web Services",
  booktitle    = "Proc. of {IEEE/ACS} {AICCSA 2007}",
  year         = "2007",
  month        = may,
  address      = "Amman, Jordan",
}

@InProceedings{jokhio,
  author       = "M. S. Jokhio and G. Dobbie and J. Sun",
  title        = "Towards Specification Based Testing for Semantic Web
                 Services",
  booktitle    = "Proc. of {ASWEC 2009}",
  year         = "2009",
  month        = apr,
  address      = "Gold Coast, Australia",
}

@InProceedings{heckel,
  author       = "R. Heckel and M. Lohmann",
  title        = "Towards Contract-based Testing of Web Services",
  booktitle    = "Proc. of {TACoS 2004}",
  year         = "2004",
  month        = mar,
  address      = "Barcelona, Spain",
}

@InProceedings{han,
  author       = "J. Han and R. Kowalczyk and K. M. Khan",
  title        = "Security-Oriented Service Composition and Evolution",
  booktitle    = "Proc. of {APSEC 2006}",
  year         = "2006",
  month        = dec,
  address      = "Bangalore, India",
}

@Article{survey,
  author       = "G. Canfora and M. di Penta",
  title        = "Service-oriented architectures testing: A survey",
  journal      = "ISSSE 2006-2008",
  year         = "2009",
  volume       = "1",
  pages        = "78--105",
}

@InProceedings{kim,
  author       = "A. Kim and J. Luo and M. Kang",
  title        = "Security Ontology for Annotating Resources",
  booktitle    = "Proc. of {ODBASE 2005}",
  year         = "2005",
  month        = nov,
  address      = "Agia Napa, Cyprus",
}

@InProceedings{tretmans,
  author       = "L. Frantzen and J. Tretmans and T. A. C. Willemse",
  title        = "Test Generation Based on Symbolic Specifications",
  booktitle    = "Proc. of {FATES 2004}",
  year         = "2004",
  month        = sep,
  address      = "Linz, Austria",
}

@InProceedings{anisetti,
  author       = "M. Anisetti and C. A. Ardagna and E. Damiani",
  title        = "Defining and Matching Test-Based Certificates in Open
                 {SOA}",
  booktitle    = "Proc. of {SECTEST 2011}",
  year         = "2011",
  month        = mar,
  address      = "Berlin, Germany",
}

@Manual{orange,
  title        = "Department Of Defense Trusted Computer System
                 Evaluation Criteria",
  organization = "USA Department of Defence",
  month        = dec,
  year         = "1985",
}

@Article{papa2,
  author       = "M. P. Papazoglou and V. Andrikopoulos and S.
                 Benbernou",
  journal      = "IEEE Software",
  title        = "Managing Evolving Services",
  year         = "2011",
  month        = may # "-" # jun,
  volume       = "28",
  number       = "3",
  pages        = "49--55",
}

@TechReport{notedelpolo,
  author       = "M. Anisetti and C. A. Ardagna and E. Damiani",
  institution  = "Note del Polo - Ricerca 133, Universit\`a degli Studi
                 di Milano, Polo didattico e di ricerca di Crema",
  title        = "A Security Certification Scheme for Services",
  year         = "2011",
  month        = sep,
  note         = "\url{sito}",
}

@InProceedings{tretmans06,
  author       = "L. Frantzen and J. Tretmans and T. A. C. Willemse",
  title        = "A Symbolic Framework for Model-Based Testing",
  booktitle    = "Proc. of the 6th International Workshop on Formal
                 Approaches to Testing and Runtime Verification
                 {(FATES/RV 2006)}",
  year         = "2006",
  month        = aug,
  address      = "Seattle, WA, USA",
}

@Article{ryu,
  author       = "S. H. Ryu and F. Casati and H. Skogsrud and B.
                 Betanallah and R. Saint-Paul",
  title        = "Supporting the Dynamic Evolution of {Web} Service
                 Protocols in Service-Oriented Architectures",
  journal      = "ACM Transactions on the Web",
  volume       = "2",
  number       = "2",
  month        = apr,
  year         = "2008",
  pages        = "13:1--13:46",
}

@Article{mccabe,
  author       = "T. J. McCabe",
  title        = "A Complexity Measure",
  journal      = "IEEE Transactions on Software Engineering",
  volume       = "SE-2",
  number       = "4",
  month        = dec,
  year         = "1976",
  pages        = "308--320",
}

@InProceedings{AAD.SCC2011,
  author       = "M. Anisetti and {C.A.} Ardagna and E. Damiani",
  booktitle    = "Proc. of {SCC 2011}",
  title        = "Fine-Grained Modeling of Web Services for Test-Based
                 Security Certification",
  address      = "Washington, DC, USA",
  month        = jul,
  day          = "4--9",
  year         = "2011",
}

@InProceedings{serhani,
  author       = "M. A. Serhani and R. Dssouli and A. Hafid and H.
                 Sahraoui",
  booktitle    = "Proc. of {IEEE} {ICWS 2005}",
  title        = "A {QoS} broker based architecture for efficient Web
                 services selection",
  address      = "Orlando, FL, USA",
  month        = jul,
  year         = "2005",
}

@Article{andri,
  author       = "V. Andrikopoulos and S. Benbernou and M. Papazoglou",
  journal      = "IEEE Transactions on Software Engineering",
  title        = "On The Evolution of Services",
  volume       = "38",
  number       = "3",
  pages        = "609--628",
  year         = "2012",
}

@InProceedings{dustdar,
  author       = "M. Treiber and H.-L. Truong and S. Dustdar",
  title        = "On Analyzing Evolutionary Changes of Web Services",
  booktitle    = "Proc. of the {ICSOC 2008} Workshops",
  year         = "2008",
  month        = dec,
  address      = "Sydney, Australia",
}

@InProceedings{ouederni,
  author       = "M. Ouederni and G. Sala{\"u}n and E. Pimentel",
  booktitle    = "Proc. of the {IEEE} {SCC 2011}",
  title        = "Client Update: A Solution for Service Evolution",
  year         = "2011",
  month        = jul,
  address      = "Washington, DC, USA",
}

@InProceedings{foka,
  author       = "M. Fokaefs and R. Mikhaiel and N. Tsantalis and E.
                 Stroulia and A. Lau",
  booktitle    = "Proc. of {IEEE} {ICWS 2011}",
  title        = "An Empirical Study on Web Service Evolution",
  year         = "2011",
  month        = jul,
  address      = "Washington, DC, USA",
}

@InProceedings{aspect,
  author       = "G. Kiczales and J. Lamping and A. Mendhekar and C.
                 Maeda and C. Lopes and J.-M. Loingtier and J. Irwin",
  title        = "Aspect-oriented programming",
  booktitle    = "Proc. of the 11th European Conference Object-Oriented
                 Programming {(ECOOP 1997)}",
  address      = "Jyv{\"a}skyl{\"a}, Finnland",
  month        = jun,
  year         = "1997",
}

@InProceedings{Galster2008,
  author       = "Matthias Galster and Eva Bucherer",
  title        = "A Taxonomy for Identifying and Specifying
                 Non-Functional Requirements in Service-Oriented
                 Development",
  booktitle    = "Proceedings of the 2008 {IEEE} Congress on Services -
                 Part {I}",
  series       = "SERVICES '08",
  year         = "2008",
  pages        = "345--352",
  numpages     = "8",
}

@Article{AAD.TWEB2013,
  author       = "M. Anisetti and C. A. Ardagna and E. Damiani and F.
                 Saonara",
  title        = "A Test-based Security Certification Scheme for Web
                 Services",
  journal      = "ACM Transactions on the Web (TWEB)",
  volume       = "7",
  number       = "2",
  pages        = "1--41",
  month        = may,
  year         = "2013",
}

@InProceedings{AAD.CAC2014,
  author       = "M. Anisetti and C. A. Ardagna and E. Damiani",
  booktitle    = "Proc. of {IEEE} {ICCAC 2014}",
  title        = "A Certification-Based Trust Model for Autonomic Cloud
                 Computing Systems",
  address      = "London, UK",
  month        = sep,
  year         = "2014",
}

@Article{martin1996liskov,
  title        = "The Liskov substitution principle",
  author       = "Robert C Martin",
  journal      = "C++ Report",
  volume       = "8",
  number       = "3",
  pages        = "14",
  year         = "1996",
}

@InProceedings{SOCA2012,
  title        = "Security certification-aware service discovery and
                 selection",
  author       = "M. Anisetti and C. Ardagna and E. Damiani and J.
                 Maggesi",
  booktitle    = "In Proc. of {IEEE} {SOCA}",
  year         = "2012",
  organization = "Institute of electrical and electronics engineers",
}

@InProceedings{pino2012,
  title        = "Finding secure compositions of software services:
                 Towards a pattern based approach",
  author       = "L. Pino and G. Spanoudakis",
  booktitle    = "in Proc. of {NTMS}",
  pages        = "1--5",
  year         = "2012",
}

@Manual{csa-star,
  title        = "{CSA} Security, Trust \& Assurance Registry {(STAR)}",
  organization = "Cloud Security Alliance (CSA)",
  note         = "\url{https://cloudsecurityalliance.org/star/},
                 Accessed in Date February 2015",
}

@Article{bryant1986graph,
  title        = "Graph-based algorithms for boolean function
                 manipulation",
  author       = "Randal E Bryant",
  journal      = "IEEE Transactions on Computers",
  volume       = "100",
  number       = "8",
  pages        = "677--691",
  year         = "1986",
  publisher    = "IEEE",
}

@Article{accorsi2011automated,
  title        = "Automated certification for compliant cloud-based
                 business processes",
  author       = "Rafael Accorsi and Dipl-Inf Lutz Lowis and Yoshinori
                 Sato",
  journal      = "Business \& Information Systems Engineering",
  volume       = "3",
  number       = "3",
  pages        = "145--154",
  year         = "2011",
  publisher    = "Springer",
}

@InProceedings{krotsiani2013incremental,
  title        = "Incremental certification of cloud services",
  author       = "Maria Krotsiani and George Spanoudakis and Khaled
                 Mahbub",
  booktitle    = "Proc. of {SECURWARE 2013}",
  month        = aug,
  year         = "2013",
  address      = "Barcelona, Spain",
}

@Article{gao2011cloud,
  title        = "Cloud testing-issues, challenges, needs and practice",
  author       = "Jerry Gao and Xiaoying Bai and Wei-Tek Tsai",
  journal      = "Software Engineering: An International Journal",
  volume       = "1",
  number       = "1",
  pages        = "9--23",
  year         = "2011",
}

@InProceedings{riungu2010research,
  title        = "Research issues for software testing in the cloud",
  author       = "Leah Muthoni Riungu and Ossi Taipale and Kari
                 Smolander",
  booktitle    = "Prof of {IEEE} {CloudCom 2010}",
  pages        = "557--564",
  year         = "2010",
  month        = nov # " -- " # dec,
  address      = "Indianapolis, IN, USA",
}

@InProceedings{king2010migrating,
  title        = "Migrating autonomic self-testing to the cloud",
  author       = "Tariq M King and Annaji Sharma Ganti",
  booktitle    = "Proc of {IEEE} {ICSTW 2010}",
  year         = "2010",
  address      = "Paris, France",
  month        = apr,
}

@InProceedings{Candea2010,
  author       = "George Candea and Stefan Bucur and Cristian Zamfir",
  title        = "Automated Software Testing As a Service",
  booktitle    = "Proc. of {ACM} {SoCC 2010}",
  year         = "2010",
  address      = "Indianapolis, IN, USA",
}

@InProceedings{chan2009modeling,
  title        = "Modeling and testing of cloud applications",
  author       = "WK Chan and Lijun Mei and Zhenyu Zhang",
  booktitle    = "Proc. of {IEEE} {APSCC 2009}",
  year         = "2009",
  month        = aug,
  address      = "Barcelona, Spain",
}

@InProceedings{yu2010testing,
  title        = "Testing as a Service over Cloud",
  author       = "Lian Yu and Wei-Tek Tsai and Xiangji Chen and Linqing
                 Liu and Yan Zhao and Liangjie Tang and Wei Zhao",
  booktitle    = "Proc of {IEEE} {SOSE 2010}",
  year         = "2010",
  month        = jun,
  address      = "Nanjing, Cina",
}

@InCollection{penta2007,
  title        = "Web services regression testing",
  author       = "Massimiliano Di Penta and Marcello Bruno and Gianpiero
                 Esposito and Valentina Mazza and Gerardo Canfora",
  booktitle    = "Test and Analysis of web Services",
  pages        = "205--234",
  year         = "2007",
  publisher    = "Springer",
}

@InProceedings{tilley2010migrating,
  title        = "Migrating software testing to the cloud",
  author       = "Scott Tilley and Tauhida Parveen",
  booktitle    = "Proc of {IEEE} {ICSM 2010}",
  year         = "2010",
  month        = sep,
  address      = "Timisoara, Romania",
}

@Manual{CSA-CCM,
  title        = "Cloud Controls Matrix {CCM}",
  organization = "Cloud Security Alliance",
  month        = nov,
  year         = "2015",
  note         = "\url{https://cloudsecurityalliance.org/group/cloud-controls-matrix/}",
}

@Manual{iso27001,
  title        = "{ISO/IEC 27001} - Information security management",
  organization = "ISO/IEC",
  month        = nov,
  year         = "2015",
  note         = "\url{http://www.iso.org/iso/home/standards/management-standards/iso27001.htm}",
}

@Manual{hipaa,
  title        = "Health Insurance Portability and Accountability Act
                 {(HIPAA)}",
  organization = "U.S. Department of Health \& Human Services",
  month        = nov,
  year         = "2015",
  note         = "\url{http://www.hhs.gov/ocr/privacy/hipaa/understanding/}",
}

@Article{chen2015cloud,
  title        = "A Cloud Security Assessment System Based on
                 Classifying and Grading",
  author       = "Xuexiu Chen and Chi Chen and Yuan Tao and Jiankun Hu",
  journal      = "IEEE Cloud Computing",
  volume       = "2",
  number       = "2",
  pages        = "58--67",
  year         = "2015",
}

@InProceedings{AADG.SAC2016,
  author       = "M. Anisetti and C. A. Ardagna and E. Damiani and F.
                 Gaudenzi",
  title        = "A Certification Framework for Cloud-based Services",
  booktitle    = "Proc. of {SAC 2016}",
  year         = "2016",
  month        = apr,
  address      = "Pisa, Italy",
}

@Article{zhang2012environmental,
  title        = "Environmental modeling for automated cloud application
                 testing",
  author       = "Linghao Zhang and Xiaoxing Ma and Jian Lu and Tao Xie
                 and Nikolai Tillmann and Peli De Halleux",
  journal      = "IEEE Software",
  volume       = "29",
  number       = "2",
  pages        = "30--35",
  year         = "2012",
}

@InProceedings{tsai2014taas,
  title        = "{TaaS} (Testing-as-a-Service) Design for Combinatorial
                 Testing",
  author       = "Wei-Tek Tsai and Guanqiu Qi and Lian Yu and Jerry
                 Gao",
  booktitle    = "Proc. of {SERE 2014}",
  address      = "San Francisco, CA, USA",
  month        = jun # "-" # jul,
  year         = "2014",
}

@Article{COSE,
  author       = "Marco Anisetti and Claudio Agostino Ardagna and
                 Ernesto Damiani and Nabil El Ioini and Filippo
                 Gaudenzi",
  title        = "Modeling time, probability, and configuration
                 constraints for continuous cloud service
                 certification",
  journal      = "Computers {\&} Security",
  volume       = "72",
  pages        = "234--254",
  year         = "2018",
}

@InProceedings{MaoDevSecOps,
  author       = "Runfeng Mao and He Zhang and Qiming Dai and Huang
                 Huang and Guoping Rong and Haifeng Shen and Lianping
                 Chen and Kaixiang Lu",
  booktitle    = "2020 {IEEE 20th} International Conference on Software
                 Quality, Reliability and Security {(QRS)}",
  title        = "Preliminary Findings about {DevSecOps} from Grey
                 Literature",
  year         = "2020",
  pages        = "450--457",
}

editor="Mas, Antonia
and Mesquida, Antoni
and O'Connor, Rory V.
and Rout, Terry
and Dorling, Alec",
@InProceedings{10.1007/978-3-319-67383-7_2,
  author       = "H{\aa}vard Myrbakken and Ricardo Colomo-Palacios",
  title        = "{DevSecOps: A Multivocal Literature Review}",
  booktitle    = "Proc. of {SPICE 2017}",
  address      = "Palma de Mallorca, Spain",
  month        = oct,
  year         = "2017",
}

pages = "360 - 379",
    journal = "Computers \& Security (COSE)",
@Article{CHEAH2018360,
  title        = "{Building an automotive security assurance case using
                 systematic security evaluations}",
  journal      = "Computers \& Security",
  volume       = "77",
  year         = "2018",
  author       = "Madeline Cheah and Siraj A. Shaikh and Jeremy Bryans
                 and Paul Wooderson",
}

pages={30-43}
doi={10.1109/TSC.2017.2657505}
@Article{AADG.TSC2017,
  author       = "M. Anisetti and C. A. Ardagna and E. Damiani and F.
                 Gaudenzi",
  title        = "{A semi-automatic and trustworthy scheme for
                 continuous cloud service certification}",
  journal      = "IEEE Transactions on Services Computing (TSC)",
  year         = "2020",
  volume       = "13",
  number       = "1",
}

@InProceedings{damiani2020stay,
  title        = "{Stay Thrifty, Stay Secure: A VPN-Based Assurance
                 Framework for Hybrid Systems}",
  author       = "M. Anisetti and C. A. Ardagna and N. Bena and E.
                 Damiani",
  booktitle    = "Proc. of {SECRYPT 2020}",
  year         = "2020",
  month        = jul,
  address      = "Paris, France",
}

@Article{POVEDANOMOLINA20132041,
  title        = "{DARGOS: A highly adaptable and scalable monitoring
                 architecture for multi-tenant Clouds}",
  journal      = "{Future Generation Computer Systems}",
  volume       = "29",
  number       = "8",
  year         = "2013",
  month        = oct,
  author       = "Javier Povedano-Molina and Jose M. Lopez-Vega and Juan
                 M. Lopez-Soler and Antonio Corradi and Luca Foschini",
}

@Article{6746217,
  author       = "J. M. {Alcaraz Calero} and J. G. {Aguado}",
  journal      = "IEEE Transactions on Services Computing (TSC)",
  title        = "{MonPaaS: An Adaptive Monitoring Platformas a Service
                 for Cloud Computing Infrastructures and Services}",
  year         = "2015",
  volume       = "8",
  number       = "1",
}

doi = "https://doi.org/10.1016/j.csi.2016.01.001",
  url = "http://www.sciencedirect.com/science/article/pii/S0920548916000027",
      pages = "15 - 22",
      issn = "0920-5489",
@Article{CIUFFOLETTI201615,
  title        = "Application level interface for a cloud monitoring
                 service",
  journal      = "Computer Standards \& Interfaces",
  volume       = "46",
  year         = "2016",
  author       = "Augusto Ciuffoletti",
}

{Communicatio of the Association for Information Systems},
@Article{Lins2019,
  year         = "2019",
  author       = "Sebastian Lins and Stephan Schneider and Jakub Szefer
                 and Shafeeq Ibraheem and Ali Ali",
  title        = "{Designing Monitoring Systems for Continuous
                 Certification of Cloud Services: Deriving
                 Meta-requirements and Design Guidelines}",
  journal      = "Comm. of the Association for Information Systems",
  volume       = "44",
}

pages={1485-1492},
  doi={10.1109/UIC-ATC-ScalCom-CBDCom-IoP.2015.268},
  booktitle={2015 IEEE 12th Intl Conf on Ubiquitous Intelligence and Computing and 2015 IEEE 12th Intl Conf on Autonomic and Trusted Computing and 2015 IEEE 15th Intl Conf on Scalable Computing and Communications and Its Associated Workshops (UIC-ATC-ScalCom)},
@InProceedings{7518447,
  author       = "Philipp Stephanow and Niels Fallenbeck",
  booktitle    = "Proc. of {IEEE} {UIC-ATC-ScalCom}",
  title        = "{Towards Continuous Certification of
                 Infrastructure-as-a-Service Using Low-Level Metrics}",
  address      = "Beijing, China",
  month        = aug,
  year         = "2015",
}

@InProceedings{7820357,
  author       = "Philipp Stephanow and Gaurav Srivastava and Julian
                 Schütte",
  booktitle    = "Proc. of {IEEE} {CLOUD 2016}",
  title        = "{Test-Based Cloud Service Certification of
                 Opportunistic Providers}",
  year         = "2016",
  month        = jun # ", " # jul,
  address      = "San Francisco, CA, USA",
}

@InProceedings{delaVara1303701,
  author       = "Jose Luis {de la Vara} and Alejandra Ruiz and Barbara
                 Gallina and Gaël Blondelle and Elena Alaña and Javier
                 Herrero and Fredrik Warg and Martin Skoglund and Robert
                 Bramberger",
  booktitle    = "Proc. of Embedded World 2019",
  title        = "{The AMASS Approach for Assurance and Certification of
                 Critical Systems}",
  year         = "2019",
  address      = "Norimberg, Germany",
  month        = feb,
}

@Article{ASLAM2020101759,
  title        = "{FoNAC - An automated Fog Node Audit and Certification
                 scheme}",
  journal      = "Computers \& Security",
  volume       = "93",
  year         = "2020",
  month        = jun,
  author       = "Mudassar Aslam and Bushra Mohsin and Abdul Nasir and
                 Shahid Raza",
}

pages={1039-1069},
doi={10.1109/TSE.2017.2738640}
@Article{8008800,
  author       = "Radu Calinescu and Danny Weyns and Simos Gerasimou and
                 Muhammad Usman Iftikhar and Ibrahim Habli and Tim
                 Kelly",
  journal      = "IEEE Transactions on Software Engineering",
  title        = "{Engineering Trustworthy Self-Adaptive Software with
                 Dynamic Assurance Cases}",
  year         = "2018",
  volume       = "44",
  number       = "11",
}

doi = {https://doi.org/10.1016/j.future.2020.03.031},
url = {https://www.sciencedirect.com/science/article/pii/S0167739X19320527},
issn = {0167-739X},
pages = {197-209},
@Article{JAHAN2020197,
  title        = "{MAPE-K/MAPE-SAC: An interaction framework for
                 adaptive systems with security assurance cases}",
  journal      = "Future Generation Computer Systems",
  volume       = "109",
  year         = "2020",
  author       = "Sharmin Jahan and Ian Riley and Charles Walter and
                 Rose F. Gamble and Matt Pasco and Philip K. McKinley
                 and Betty H. C. Cheng",
}

@InProceedings{5636125,
  author       = "Mohammed Alhamad and Tharam Dillon and Elizabeth
                 Chang",
  booktitle    = "Proc. of {NBIS 2010}",
  title        = "{SLA-Based Trust Model for Cloud Computing}",
  year         = "2010",
  address      = "Takayama, Japan",
  month        = sep,
}

numpages = {26}
issn = {2378-962X},
articleno = {11},
@Article{10.1145/3418686,
  author       = "Claudio A. Ardagna and Rasool Asal and Ernesto Damiani
                 and Nabil El Ioini and Mehdi Elahi and Claus Pahl",
  title        = "{From Trustworthy Data to Trustworthy IoT: A Data
                 Collection Methodology Based on Blockchain}",
  year         = "2021",
  issue_date   = "January 2021",
  volume       = "5",
  number       = "1",
  journal      = "ACM Transactions on Cyber-Physical Systems",
  month        = dec,
}

@Article{MATHEUGARCIA201964,
  title        = "{Risk-based automated assessment and testing for the
                 cybersecurity certification and labelling of IoT
                 devices}",
  journal      = "Computer Standards \& Interfaces",
  volume       = "62",
  year         = "2019",
  month        = feb,
  author       = "Sara N. Matheu-García and José L. Hernández-Ramos
                 and Antonio F. Skarmeta and Gianmarco Baldini",
}

@InProceedings{AABB.EDGE2021,
  author       = "Marco Anisetti and Claudio A. Ardagna and Nicola Bena
                 and Ruslan Bondaruc",
  booktitle    = "Proc. of {IEEE} {EDGE 2021}",
  title        = "{Towards an Assurance Framework for Edge and IoT
                 Systems}",
  year         = "2021",
  month        = dec,
  address      = "Guangzhou, China",
}

pages={299-303},
  doi={10.1109/SCC.2018.00053}
  booktitle={2018 IEEE International Conference on Services Computing (SCC)},
@InProceedings{8456439,
  author       = "Claudio Agostino Ardagna and Ernesto Damiani and Maria
                 Krotsiani and Christos Kloukinas and George
                 Spanoudakis",
  booktitle    = "Proc. of {IEEE} {SCC 2018}",
  title        = "Big Data Assurance Evaluation: An {SLA-Based}
                 Approach",
  year         = "2018",
  month        = jul,
  address      = "San Francisco, CA, USA",
}

articleno = {46},
numpages = {40},
keywords = {service level agreement, service layer, SLA, big data analytics application, Big data, SLA metrics}
issn = {0360-0300},
url = {https://doi.org/10.1145/3383464},
doi = {10.1145/3383464},
publisher = {Association for Computing Machinery},
address = {New York, NY, USA},
@Article{10.1145/3383464,
  author       = "Xuezhi Zeng and Saurabh Garg and Mutaz Barika and
                 Albert Y. Zomaya and Lizhe Wang and Massimo Villari and
                 Dan Chen and Rajiv Ranjan",
  title        = "{SLA Management for Big Data Analytical Applications
                 in Clouds: A Taxonomy Study}",
  year         = "2020",
  issue_date   = "June 2020",
  volume       = "53",
  number       = "3",
  journal      = "ACM Computing Surveys",
  month        = jun,
}

doi={10.1109/BigData.2013.6691780}
@InProceedings{6691780,
  author       = "Yongzhi Wang and Jinpeng Wei and Mudhakar Srivatsa and
                 Yucong Duan and Wencai Du",
  booktitle    = "Proc. of {IEEE} Big Data 2013",
  title        = "{IntegrityMR: Integrity Assurance Framework for Big
                 Data Analytics and Management Applications}",
  year         = "2013",
  month        = oct,
  address      = "Santa Clara, CA, USA",
}

booktitle={2017 IEEE 15th Intl Conf on Dependable, Autonomic and Secure Computing, 15th Intl Conf on Pervasive Intelligence and Computing, 3rd Intl Conf on Big Data Intelligence and Computing and Cyber Science and Technology Congress(DASC/PiCom/DataCom/CyberSciTech)},
@InProceedings{8328504,
  author       = "Zuqiang Ke and Nohpill Park",
  booktitle    = "Proc. of {IEEE} {DASC/PiCom/DataCom/CyberSciTech
                 2017}",
  title        = "{Availability Modeling and Assurance of Map-Reduce
                 Computing}",
  year         = "2017",
  month        = nov,
  address      = "Orlando, FL, USA",
}

publisher="Springer International Publishing",
address="Cham",
pages="3--23",
  booktitle = {{Heterogeneous Data Management, Polystores, and Analytics for Healthcare}},
inproceedings{10.1007/978-3-030-33752-0_1,
  author    = {Wang, Lun
               and Near, Joseph P.
               and Somani, Neel
               and Gao, Peng
               and Low, Andrew
               and Dao, David
               and Song, Dawn},
  title     = {{Data Capsule: A New Paradigm for Automatic Compliance with Data Privacy Regulations}},
  booktitle = {{Proc. of DMAH 2019, Poly 2019}},
  year      = {2019},
  month           = {August},
  address         = {Los Angeles, CA, USA},
}
publisher={Springer}
@InCollection{10.1007/978-3-030-33752-0_1,
  author       = "Lun Wang and Joseph P. Near and Neel Somani and Peng
                 Gao and Andrew Low and David Dao and Dawn Song",
  title        = "{Data Capsule: A New Paradigm for Automatic Compliance
                 with Data Privacy Regulations}",
  booktitle    = "Heterogeneous Data Management, Polystores, and
                 Analytics for Healthcare",
  year         = "2019",
}

doi={10.1109/ACCESS.2016.2558446}}
@Article{7460114,
  author       = "Abid Mehmood and Iynkaran Natgunanathan and Yong Xiang
                 and Guang Hua and Song Guo",
  journal      = "IEEE Access",
  title        = "{Protection of Big Data Privacy}",
  year         = "2016",
  volume       = "4",
}

booktitle = {Proc. of the 8th ACM International Conference on Autonomic Computing (ICAC 2011)},
  doi = {10.1145/1998582.1998637}
@InProceedings{Verma,
  author       = "Abhishek Verma and Ludmila Cherkasova and Roy H.
                 Campbell",
  title        = "{ARIA}: Automatic Resource Inference and Allocation
                 for Mapreduce Environments",
  booktitle    = "Proc. of {ACM} {ICAC 2011}",
  month        = jun,
  year         = "2011",
  address      = "Karlsruhe, Germany",
}

booktitle = {Proc. of the 17th International Conference on Principles of Distributed Systems (OPODIS 2013)},
@InProceedings{Wang:2013:SAM:2696602.2696620,
  author       = "Yang Wang and Wei Shi",
  title        = "{On Scheduling Algorithms for MapReduce Jobs in
                 Heterogeneous Clouds with Budget Constraints}",
  booktitle    = "Proc. of {OPODIS 2013}",
  year         = "2013",
  month        = dec,
  address      = "Hong Kong, China",
}

booktitle = {Proc. of the 2012 ACM/IEEE 13th International Conference on Grid Computing (GRID 2012)},
    doi={10.1109/Grid.2012.19}
@InProceedings{Hwang:2012:MCV:2410143.2410707,
  author       = "Eunji Hwang and Kyong Hoon Kim",
  title        = "{Minimizing Cost of Virtual Machines for
                 Deadline-Constrained MapReduce Applications in the
                 Cloud}",
  booktitle    = "Proc. of {ACM/IEEE} {GRID 2012}",
  year         = "2012",
  month        = sep,
  address      = "Beijing, China",
}

booktitle="Innovative Data Communication Technologies and Application",
@InProceedings{10.1007/978-981-15-9651-3_36,
  author       = "Rakesh Kumar and Rinkaj Goyal",
  title        = "{When Security Meets Velocity: Modeling Continuous
                 Security for Cloud Applications using DevSecOps}",
  booktitle    = "Proc. of {ICIDCA 2020}",
  year         = "2020",
  address      = "Coimbatore, India",
  month        = sep,
}

issn = {0950-5849},
doi = {https://doi.org/10.1016/j.infsof.2021.106700},
url = {https://www.sciencedirect.com/science/article/pii/S0950584921001543},
@Article{RAJAPAKSE2022106700,
  title        = "Challenges and solutions when adopting {DevSecOps}: A
                 systematic review",
  journal      = "Information and Software Technology",
  volume       = "141",
  pages        = "106700",
  year         = "2022",
  author       = "Roshan N. Rajapakse and Mansooreh Zahedi and M. Ali
                 Babar and Haifeng Shen",
}

isbn="978-3-319-06811-4",
booktitle="Secure Data Management}},
@InProceedings{10.1007/978-3-319-06811-4_13,
  author       = "Yuri Demchenko and Canh Ngo and Cees de Laat and Peter
                 Membrey and Daniil Gordijenko",
  title        = "{Big Security for Big Data: Addressing Security
                 Challenges for the Big Data Infrastructure}",
  booktitle    = "Proc. of {SDM 2013}",
  year         = "2013",
  month        = aug,
  address      = "Trento, Italy",
  note         = "Workshop at VLDB 2013",
}

issn = {0164-1212},
doi = {https://doi.org/10.1016/j.jss.2020.110869},
url = {https://www.sciencedirect.com/science/article/pii/S0164121220302594},
pages = {110869},
@Article{CASTELLANOS2021110869,
  title        = "{ACCORDANT: A domain specific-model and DevOps
                 approach for big data analytics architectures}",
  journal      = "Journal of Systems and Software",
  volume       = "172",
  year         = "2021",
  author       = "Camilo Castellanos and Carlos A. Varela and Dario
                 Correal",
}

urldate = {2022-05-05},
  	issn = {1353-4858},
	url = {https://www.sciencedirect.com/science/article/pii/S1353485812700636},
	doi = {10.1016/S1353-4858(12)70063-6},
  pages = {5--8},
@Article{tankard_big_2012,
  title        = "Big data security",
  volume       = "2012",
  number       = "7",
  journal      = "Network Security",
  author       = "Colin Tankard",
  month        = jul,
  year         = "2012",
}

issn = {1877-0509},
	shorttitle = {Big data security and privacy in healthcare},
	url = {https://www.sciencedirect.com/science/article/pii/S1877050917317015},
	doi = {10.1016/j.procs.2017.08.292},
  month = jan,
	pages = {73--80},
@Article{abouelmehdi_big_2017,
  series       = "The 8th {International} {Conference} on {Emerging}
                 {Ubiquitous} {Systems} and {Pervasive} {Networks}
                 ({EUSPN} 2017) / {The} 7th {International} {Conference}
                 on {Current} and {Future} {Trends} of {Information} and
                 {Communication} {Technologies} in {Healthcare}
                 ({ICTH}-2017) / {Affiliated} {Workshops}",
  title        = "Big data security and privacy in healthcare: {A}
                 {Review}",
  volume       = "113",
  journal      = "Procedia Computer Science",
  author       = "Karim Abouelmehdi and Abderrahim Beni-Hssane and Hayat
                 Khaloufi and Mostafa Saadi",
  year         = "2017",
}

note = {ISSN: 2379-7703},
	keywords = {Big data, big data security, Data privacy, healthcare, Industries, Medical services, privacy, Privacy, Real-time systems, Security, security analytics},
	pages = {762--765},
@InProceedings{kupwade_patil_big_2014,
  title        = "Big {Data} {Security} and {Privacy} {Issues} in
                 {Healthcare}",
  author       = "Harsh Kupwade Patil and Ravi Seshadri",
  month        = jun,
  year         = "2014",
  address      = "Anchorage, AK, USA",
  booktitle    = "Proc. of {IEEE} Big Data 2014",
}

issn = {1084-8045},
doi = {https://doi.org/10.1016/j.jnca.2018.08.003},
url = {https://www.sciencedirect.com/science/article/pii/S1084804518302601},
pages = {1-15},
@Article{ZHOU20181,
  title        = "{Data integrity verification of the outsourced big
                 data in the cloud environment: A survey}",
  journal      = "Journal of Network and Computer Applications",
  volume       = "122",
  year         = "2018",
  author       = "Lei Zhou and Anmin Fu and Shui Yu and Mang Su and Boyu
                 Kuang",
}

isbn="978-3-319-61893-7",
doi="10.1007/978-3-319-61893-7_25",
url="https://doi.org/10.1007/978-3-319-61893-7_25"
@InBook{Bertino2018,
  author       = "Elisa Bertino and Elena Ferrari",
  title        = "{Big Data Security and Privacy}",
  booktitle    = "{A Comprehensive Guide Through the Italian Database
                 Research Over the Last 25 Years}",
  year         = "2018",
}

pages = {205-212},
isbn = {9781450362382},
publisher = {Association for Computing Machinery},
address = {New York, NY, USA},
location = {Limassol, Cyprus},
series = {MEDES '19}
,
booktitle = {Proc. of the 11th ACM MEDES},
@InProceedings{MEDES2019,
  author       = "Marco Anisetti and Claudio A. Ardagna and Filippo
                 Gaudenzi and Ernesto Damiani",
  title        = "A Continuous Certification Methodology for {DevOps}",
  year         = "2019",
  address      = "Limassol, Cyprus",
  booktitle    = "Proc. of {ACM} {MEDES 2019}",
  month        = nov,
}

@Article{kekki18,
  title        = "{MEC} in {5G} networks",
  author       = "Sami Kekki and Walter Featherstone and Yonggang Fang
                 and Pekka Kuure and Alice Li and Anurag Ranjan and
                 Debashish Purkayastha and Feng Jiangping and Danny
                 Frydman and Gianluca Verin and others",
  journal      = "ETSI white paper",
  volume       = "28",
  number       = "2018",
  pages        = "1--28",
  year         = "2018",
}

@Article{ksentini2020toward,
  title        = "Toward slicing-enabled multi-access edge computing in
                 {5G}",
  author       = "Adlen Ksentini and Pantelis A Frangoudis",
  journal      = "IEEE Network",
  volume       = "34",
  number       = "2",
  pages        = "99--105",
  year         = "2020",
  publisher    = "IEEE",
}

@Article{Alawe18,
  author       = "Imad Alawe and Adlen Ksentini and Yassine Hadjadj-Aoul
                 and Philippe Bertin",
  journal      = "IEEE Network",
  title        = "Improving Traffic Forecasting for {5G} Core Network
                 Scalability: A Machine Learning Approach",
  year         = "2018",
  volume       = "32",
  number       = "6",
  pages        = "42--49",
}

@Article{ksentini_toward_2020,
  title        = "Toward {Slicing}-{Enabled} {Multi}-{Access} {Edge}
                 {Computing} in {5G}",
  volume       = "34",
  ISSN         = "1558-156X",
  number       = "2",
  journal      = "IEEE Network",
  author       = "Adlen Ksentini and Pantelis A. Frangoudis",
  month        = mar,
  year         = "2020",
  note         = "Conference Name: IEEE Network",
  keywords     = "Computer architecture, Edge computing, 3GPP, 5G mobile
                 communication, Network slicing, Ultra reliable low
                 latency communication",
  pages        = "99--105",
}

@Article{FOGStandard,
  journal      = "IEEE Std 1934-2018",
  title        = "{IEEE} Standard for Adoption of {OpenFog} Reference
                 Architecture for Fog Computing",
  year         = "2018",
  pages        = "1--176",
}

@InProceedings{anisetti2021dynamic,
  title        = "Dynamic and Scalable Enforcement of Access Control
                 Policies for Big Data",
  author       = "Marco Anisetti and Claudio A Ardagna and Chiara
                 Braghin and Ernesto Damiani and Antongiacomo Polimeno
                 and Alessandro Balestrucci",
  booktitle    = "Proceedings of the 13th International Conference on
                 Management of Digital {EcoSystems}",
  pages        = "71--78",
  year         = "2021",
}

@Article{fu_adaptive_2022,
  title        = "Adaptive {Resource} {Efficient} {Microservice}
                 {Deployment} in {Cloud}-{Edge} {Continuum}",
  volume       = "33",
  ISSN         = "1558-2183",
  number       = "8",
  journal      = "IEEE Transactions on Parallel and Distributed
                 Systems",
  author       = "Kaihua Fu and Wei Zhang and Quan Chen and Deze Zeng
                 and Minyi Guo",
  month        = aug,
  year         = "2022",
  note         = "Conference Name: IEEE Transactions on Parallel and
                 Distributed Systems",
  keywords     = "Bandwidth, Computer architecture, Cloud computing,
                 Task analysis, Resource management, Quality of service,
                 QoS, Runtime, Cloud-edge continuum, microservice
                 resources management",
  pages        = "1825--1840",
}

@Article{ullah_micado-edge_2021,
  title        = "{MiCADO}-{Edge}: {Towards} an {Application}-level
                 {Orchestrator} for the {Cloud}-to-{Edge} {Computing}
                 {Continuum}",
  volume       = "19",
  ISSN         = "1570-7873, 1572-9184",
  shorttitle   = "{MiCADO}-{Edge}",
  language     = "english",
  number       = "4",
  urldate      = "2022-05-17",
  journal      = "J Grid Computing",
  author       = "Amjad Ullah and Huseyin Dagdeviren and Resmi C.
                 Ariyattu and James DesLauriers and Tamas Kiss and James
                 Bowden",
  month        = dec,
  year         = "2021",
  pages        = "47",
}

@Article{baresi_unified_2019,
  title        = "A {Unified} {Model} for the {Mobile}-{Edge}-{Cloud}
                 {Continuum}",
  volume       = "19",
  ISSN         = "1533-5399, 1557-6051",
  language     = "english",
  number       = "2",
  urldate      = "2022-05-17",
  journal      = "ACM Trans. Internet Technol.",
  author       = "L. Baresi and D. F. Mendonça and M. Garriga and S.
                 Guinea and G. Quattrocchi",
  month        = may,
  year         = "2019",
  pages        = "1--21",
}

@Article{orive_quality_2022,
  title        = "Quality of {Service} {Aware} {Orchestration} for
                 {Cloud}–{Edge} {Continuum} {Applications}",
  volume       = "22",
  ISSN         = "1424-8220",
  language     = "english",
  number       = "5",
  urldate      = "2022-05-17",
  journal      = "Sensors",
  author       = "Adrián Orive and Aitor Agirre and Hong-Linh Truong
                 and Isabel Sarachaga and Marga Marcos",
  month        = feb,
  year         = "2022",
  pages        = "1755",
}

@Article{trakadas_hybrid_2019,
  title        = "Hybrid {Clouds} for {Data}-{Intensive}, {5G}-{Enabled}
                 {IoT} {Applications}: {An} {Overview}, {Key} {Issues}
                 and {Relevant} {Architecture}",
  volume       = "19",
  ISSN         = "1424-8220",
  shorttitle   = "Hybrid {Clouds} for {Data}-{Intensive}, {5G}-{Enabled}
                 {IoT} {Applications}",
  language     = "english",
  number       = "16",
  urldate      = "2022-05-17",
  journal      = "Sensors",
  author       = "Panagiotis Trakadas and Nikolaos Nomikos and Emmanouel
                 T. Michailidis and Theodore Zahariadis and Federico M.
                 Facca and David Breitgand and Stamatia Rizou and Xavi
                 Masip and Panagiotis Gkonis",
  month        = aug,
  year         = "2019",
  pages        = "3591",
}

@Article{giannone_orchestrating_2020,
  title        = "Orchestrating heterogeneous {MEC}-based applications
                 for connected vehicles",
  volume       = "180",
  ISSN         = "1389-1286",
  language     = "english",
  urldate      = "2022-05-17",
  journal      = "Computer Networks",
  author       = "Francesco Giannone and Pantelis A. Frangoudis and
                 Adlen Ksentini and Luca Valcarenghi",
  month        = oct,
  year         = "2020",
  keywords     = "Quality of experience, Video streaming, 4G/5G systems,
                 Connected vehicles, Multi-access edge computing",
  pages        = "107402",
}

@Article{zeydan_big_2016,
  title        = "Big data caching for networking: moving from cloud to
                 edge",
  volume       = "54",
  ISSN         = "1558-1896",
  shorttitle   = "Big data caching for networking",
  number       = "9",
  journal      = "IEEE Communications Magazine",
  author       = "Engin Zeydan and Ejder Bastug and Mehdi Bennis and
                 Manhal Abdel Kader and Ilyas Alper Karatepe and Ahmet
                 Salih Er and Merouane Debbah",
  month        = sep,
  year         = "2016",
  note         = "Conference Name: IEEE Communications Magazine",
  keywords     = "Computer architecture, 5G mobile communication, Big
                 data, Mobile computing, Wireless networks",
  pages        = "36--42",
}

@Article{chang_learn_2018,
  title        = "Learn to {Cache}: {Machine} {Learning} for {Network}
                 {Edge} {Caching} in the {Big} {Data} {Era}",
  volume       = "25",
  ISSN         = "1558-0687",
  shorttitle   = "Learn to {Cache}",
  number       = "3",
  journal      = "IEEE Wireless Communications",
  author       = "Zheng Chang and Lei Lei and Zhenyu Zhou and Shiwen Mao
                 and Tapani Ristaniemi",
  month        = jun,
  year         = "2018",
  note         = "Conference Name: IEEE Wireless Communications",
  keywords     = "Data models, 5G mobile communication, Device-to-device
                 communication, Analytical models, Big Data, Wireless
                 networks, Machine learning, Hidden Markov models",
  pages        = "28--35",
}

@Article{ndikumana_joint_2020,
  title        = "Joint {Communication}, {Computation}, {Caching}, and
                 {Control} in {Big} {Data} {Multi}-{Access} {Edge}
                 {Computing}",
  volume       = "19",
  ISSN         = "1558-0660",
  number       = "6",
  journal      = "IEEE Transactions on Mobile Computing",
  author       = "Anselme Ndikumana and Nguyen H. Tran and Tai Manh Ho
                 and Zhu Han and Walid Saad and Dusit Niyato and Choong
                 Seon Hong",
  month        = jun,
  year         = "2020",
  note         = "Conference Name: IEEE Transactions on Mobile
                 Computing",
  keywords     = "Cloud computing, caching, multi-access edge computing,
                 Servers, Resource management, Delays, Optimization, Big
                 Data, 5G network, Collaboration, Communication,
                 computation, distributed control",
  pages        = "1359--1374",
}

@Article{9257498,
  author       = "Francesco Spinelli and Vincenzo Mancuso",
  journal      = "IEEE Communications Surveys Tutorials",
  title        = "Toward Enabled Industrial Verticals in 5G: A Survey on
                 {MEC-Based} Approaches to Provisioning and
                 Flexibility",
  year         = "2021",
  volume       = "23",
  number       = "1",
  pages        = "596--630",
}

@Article{TWEB2018,
  author       = "Marco Anisetti and Claudio Ardagna and Ernesto Damiani
                 and Gianluca Polegri",
  title        = "Test-Based Security Certification of Composite
                 Services",
  year         = "2018",
  issue_date   = "February 2019",
  publisher    = "Association for Computing Machinery",
  address      = "New York, NY, USA",
  volume       = "13",
  number       = "1",
  ISSN         = "1559-1131",
  journal      = "ACM Trans. Web",
  month        = dec,
  articleno    = "3",
  numpages     = "43",
}

@InProceedings{Edge2021,
  author       = "Marco Anisetti and Claudio A. Ardagna and Nicola Bena
                 and Ruslan Bondaruc",
  booktitle    = "2021 {IEEE} International Conference on Edge Computing
                 {(EDGE)}",
  title        = "Towards an Assurance Framework for Edge and {IoT}
                 Systems",
  year         = "2021",
  pages        = "41--43",
}

@Article{KhanSurvey2020,
  author       = "Rabia Khan and Pardeep Kumar and Dushantha Nalin K.
                 Jayakody and Madhusanka Liyanage",
  journal      = "IEEE Communications Surveys Tutorials",
  title        = "A Survey on Security and Privacy of {5G} Technologies:
                 Potential Solutions, Recent Advancements, and Future
                 Directions",
  year         = "2020",
  volume       = "22",
  number       = "1",
  pages        = "196--248",
}

@Article{Heprivacy2017,
  author       = "Ting He and Ertugrul Necdet Ciftcioglu and Shiqiang
                 Wang and Kevin S. Chan",
  journal      = "IEEE Journal on Selected Areas in Communications",
  title        = "Location Privacy in Mobile Edge Clouds: A Chaff-Based
                 Approach",
  year         = "2017",
  volume       = "35",
  number       = "11",
  pages        = "2625--2636",
}

@Article{taleb_multi-access_2017,
  title        = "On {Multi}-{Access} {Edge} {Computing}: {A} {Survey}
                 of the {Emerging} {5G} {Network} {Edge} {Cloud}
                 {Architecture} and {Orchestration}",
  volume       = "19",
  ISSN         = "1553-877X",
  shorttitle   = "On {Multi}-{Access} {Edge} {Computing}",
  number       = "3",
  journal      = "IEEE Communications Surveys Tutorials",
  author       = "Tarik Taleb and Konstantinos Samdanis and Badr Mada
                 and Hannu Flinck and Sunny Dutta and Dario Sabella",
  year         = "2017",
  pages        = "1657--1681",
}

@InCollection{sahu2022security,
  title        = "Security Challenges in {5G} Network",
  author       = "Gitimayee Sahu and Sanjay S Pawar",
  booktitle    = "Software Defined Networking for Ad Hoc Networks",
  pages        = "75--94",
  year         = "2022",
  publisher    = "Springer",
}
@article{hu2015mobile,
  title={Mobile edge computing—A key technology towards 5G},
  author={Hu, Yun Chao and Patel, Milan and Sabella, Dario and Sprecher, Nurit and Young, Valerie},
  journal={ETSI white paper},
  volume={11},
  number={11},
  pages={1--16},
  year={2015}
}

@article{ardagna2020trustworthy,
  title={From trustworthy data to trustworthy IoT: A data collection methodology based on blockchain},
  author={Ardagna, Claudio A and Asal, Rasool and Damiani, Ernesto and Ioini, Nabil El and Elahi, Mehdi and Pahl, Claus},
  journal={ACM Transactions on Cyber-Physical Systems},
  volume={5},
  number={1},
  pages={1--26},
  year={2020},
  publisher={ACM New York, NY, USA}
}

@inproceedings{ardagna2019trustworthy,
  title={Trustworthy iot: An evidence collection approach based on smart contracts},
  author={Ardagna, Claudio Agostino and Asal, Rasool and Damiani, Ernesto and El Ioini, Nabil and Pahl, Claus},
  booktitle={2019 IEEE International Conference on Services Computing (SCC)},
  pages={46--50},
  year={2019},
  organization={IEEE}
}

@incollection{ardagna2018case,
  title={A case for IoT security assurance},
  author={Ardagna, Claudio A and Damiani, Ernesto and Sch{\"u}tte, Julian and Stephanow, Philipp},
  booktitle={Internet of Everything},
  pages={175--192},
  year={2018},
  publisher={Springer}
}

@TechReport{      etsits123501,
  author        = {ETSI},
  institution   = {ETSI ISG},
  month         = {October},
  number        = {ETSI TS 123 501 V16.6.0},
  timestamp     = {2014-12-10T15:39:22.000+0100},
  title         = {System architecture for the {5G} {System} ({5GS}) ({3GPP}
                  {TS} 23.501 version 16.6.0 {Release} 16)},
  year          = 2020
}

@TechReport{      etsigsmec003,
  author        = {ETSI},
  institution   = {ETSI ISG},
  month         = {mar},
  number        = {ETSI GS MEC 003 V3.1.1},
  title         = {Multi-access {Edge} {Computing} ({MEC}); {Framework} and {Reference}
                  Architecture},
  year          = 2022
}

@article{balouek2019towards,
  title={Towards a computing continuum: Enabling edge-to-cloud integration for data-driven workflows},
  author={Balouek-Thomert, Daniel and Renart, Eduard Gibert and Zamani, Ali Reza and Simonet, Anthony and Parashar, Manish},
  journal={The International Journal of High Performance Computing Applications},
  volume={33},
  number={6},
  pages={1159--1174},
  year={2019},
  publisher={SAGE Publications Sage UK: London, England}
}

@inproceedings{9644707,  
  author={Yang, Saqing and Ren, Yi and Zhang, Jianfeng and Guan, Jianbo and Li, Bao},  
  booktitle={2021 IEEE Intl Conf on Parallel \& Distributed Processing with Applications, Big Data \& Cloud Computing, Sustainable Computing \& Communications, Social Computing \& Networking (ISPA/BDCloud/SocialCom/SustainCom)},   
  title={KubeHICE: Performance-aware Container Orchestration on Heterogeneous-ISA Architectures in Cloud-Edge Platforms},   
  year={2021},  
  volume={},  
  number={},  
  pages={81-91},  
  doi={10.1109/ISPA-BDCloud-SocialCom-SustainCom52081.2021.00025}
}

@article{9448450,  
  author={Tuli, Shreshth and Poojara, Shivananda R. and Srirama, Satish N. and Casale, Giuliano and Jennings, Nicholas R.},  
  journal={IEEE Transactions on Parallel and Distributed Systems},   
  title={COSCO: Container Orchestration Using Co-Simulation and Gradient Based Optimization for Fog Computing Environments},   
  year={2022},  
  volume={33},  
  number={1},  
  pages={101-116},  
  doi={10.1109/TPDS.2021.3087349}
}

@inproceedings{berto2020spatial,
  title={Spatial bloom filter in named data networking: a memory efficient solution},
  author={Berto, Filippo and Calderoni, Luca and Conti, Mauro and Losiouk, Eleonora},
  booktitle={Proceedings of the 35th Annual ACM Symposium on Applied Computing},
  pages={274--277},
  year={2020}
}

@inproceedings{anisetti2021security,
  title={Security Certification Scheme for Content-centric Networks},
  author={Anisetti, Marco and Ardagna, Claudio A and Berto, Filippo and Damiani, Ernesto},
  booktitle={2021 IEEE International Conference on Services Computing (SCC)},
  pages={203--212},
  year={2021},
  organization={IEEE}
}

@article{anisetti2022security,
  title={A Security Certification Scheme for Information-Centric Networks},
  author={Anisetti, Marco and Ardagna, Claudio A and Berto, Filippo and Damiani, Ernesto},
  journal={IEEE Transactions on Network and Service Management},
  year={2022},
  publisher={IEEE}
}

@article{anisetti2022assurance,
  title={An Assurance Process for Big Data Trustworthiness},
  author={Anisetti, Marco and Ardagna, Claudio A and Berto, Filippo},
  journal={Available at SSRN 4191099},
  year={2022}
}

@inproceedings{anisetti2022orchestration,
  title={Orchestration of data-intensive pipeline in 5G-enabled Edge Continuum},
  author={Anisetti, Marco and Berto, Filippo and Banzi, Massimo},
  booktitle={2022 IEEE World Congress on Services (SERVICES)},
  pages={2--10},
  year={2022},
  organization={IEEE Computer Society}
}

@inproceedings{anisetti2022devsecops,
  title={A DevSecOps-based Assurance Process for Big Data Analytics},
  author={Anisetti, Marco and Bena, Nicola and Berto, Filippo and Jeon, Gwanggil},
  booktitle={2022 IEEE International Conference on Web Services (ICWS)},
  pages={1--10},
  year={2022},
  organization={IEEE}
}

@inproceedings{yang2021technical,
  title={A Technical Research towards 5G SLA: System Definition, Sense and Assurance Solution},
  author={Yang, Hongwei and Lu, Lu and Hu, Yushuang and Liu, Rongxin and Yao, Kehan and Duan, Xiaodong and Sun, Tao},
  booktitle={2021 IEEE 21st International Conference on Communication Technology (ICCT)},
  pages={462--471},
  year={2021},
  organization={IEEE}
}

@inproceedings{kuklinski2019key,
  title={Key Performance Indicators for 5G network slicing},
  author={Kukli{\'n}ski, Slawomir and Tomaszewski, Lechos{\l}aw},
  booktitle={2019 IEEE Conference on Network Softwarization (NetSoft)},
  pages={464--471},
  year={2019},
  organization={IEEE}
}
